2841 4392
357 79 411 125 -

1528 80 1600 125 2

653 90 735 137 2:
772 93 970 143 Julij
1008 97 1206 150 1792.

747 325 853 372 van
886 320 1270 373 minschelijk
1303 312 1617 363 toeverigt
1652 313 1757 359 kan
1791 314 2071 361 afhangen
2102 307 2278 360 vorte
2312 304 2522 351 komen.

808 438 912 485 Dat
945 442 1049 491 men
1081 447 1185 493 wel
1219 447 1322 492 mag
1354 436 1767 490 vertidingen,
1800 435 1870 481 de
1903 428 2143 480 eandige
2175 415 2485 471 Resolutie
2519 414 2624 460 van

730 539 954 599 Heeren
990 540 1511 596 Commissarissen
1548 540 1845 588 Generaal
1881 537 2031 587 over
2067 534 2181 581 dit
2214 521 2587 579 onderwerp,
2623 516 2699 565 in

754 659 896 706 dato
927 657 967 705 8
1000 648 1319 697 februarij
1352 651 1528 702 1794.
1562 654 1599 700 ,
1633 651 1774 699 daar
1809 649 2056 697 omtrend
2089 646 2197 696 van
2230 643 2337 690 een
2372 638 2654 688 Heilrame

566 779 962 845 uitwirking
1000 775 1276 823 dablyn,
1315 775 1394 820 zo
1433 775 1551 821 wel
1590 777 1708 822 als
1747 776 1826 821 de
1864 773 2101 820 seaert
2139 773 2414 820 genomen
2452 760 2688 817 Surce„

701 899 774 947 te
808 891 1129 942 Resolutie
1163 892 1272 939 der
1305 891 1484 939 Hooge
1519 887 1874 936 Megeering,
1909 887 1980 933 in
2013 883 2157 931 dato
2192 882 2299 928 22.
2332 877 2512 927 April
2547 878 2689 927 1791

1448 1004 1520 1060 #t
1552 1017 1655 1062 van
1686 1004 2099 1059 waterfiscaal
2133 1002 2270 1049 door
2304 1001 2610 1060 eeneerlyk

743 1005 934 1059 immies
966 1006 1029 1052 zo
1060 1006 1218 1054 lange
1248 1009 1405 1056 depos

707 1142 809 1191 man
843 1141 977 1188 word
1006 1136 1243 1188 bekleet
1271 1130 1404 1186 maar
1437 1131 1536 1180 het
1568 1133 1834 1182 rekelijk
1867 1134 1967 1179 van
1999 1132 2099 1178 het
2130 1126 2430 1177 uitterste
2462 1126 2660 1173 gewigt

727 1266 872 1315 voor
906 1267 978 1313 de
1012 1262 1406 1311 voornaamste
1439 1263 1725 1311 belangen
1761 1263 1868 1309 der
1903 1263 2331 1312 Maatschappij
2365 1262 2438 1309 is
2473 1261 2546 1308 in
2579 1262 2651 1310 de

745 1375 1099 1436 vervilling
1132 1373 1240 1420 der
1273 1375 1483 1425 Posten
1517 1379 1622 1424 van
1656 1375 1936 1423 adimraat
1969 1372 2040 1419 en
2072 1357 2493 1415 waterfiocaal
2528 1363 2636 1415 van

741 1501 1165 1553 Nederlandsch
1199 1500 1410 1551 India,
1445 1499 1516 1544 de
1550 1493 1834 1543 grootste
1866 1482 2288 1541 omregtigheid
2322 1482 2394 1529 in
2427 1479 2535 1527 agt
2569 1480 2644 1534 te

770 1634 1011 1682 neemen,
1045 1632 1116 1679 en
1148 1635 1287 1683 zulx
1320 1636 1424 1682 aan
1458 1637 1527 1682 de
1559 1630 1939 1680 bestuurderd
1973 1624 2079 1674 van
2108 1617 2182 1666 de
2214 1619 2630 1678 Maatschappy,

755 1765 821 1814 in
851 1763 1011 1812 beide
1041 1760 1264 1811 overels
1295 1759 1517 1805 deelen,
1547 1758 1676 1805 niet
1706 1760 1770 1805 te
1801 1760 1960 1809 zwaar
1990 1763 2054 1809 op
2085 1762 2180 1808 het
2212 1762 2370 1809 horte
2401 1762 2496 1808 kan
2527 1763 2719 1821 wegen-

788 1898 891 1947 Dat
924 1898 1026 1944 wil
1060 1900 1162 1946 men
1196 1901 1300 1950 zig
1332 1906 1400 1952 op
1432 1903 1603 1951 goede
1636 1902 1875 1949 gronden
1908 1891 2317 1947 voorstellen,
2350 1891 2588 1936 daartoe
2621 1882 2724 1935 op.

745 2015 846 2068 den
877 2011 1009 2059 duur
1040 2009 1335 2058 geschikte
1367 2010 1695 2059 voorwerpen
1724 2012 1791 2058 te
1822 2009 2020 2057 zullen
2051 2011 2247 2058 konnen
2278 2007 2572 2055 verkrygen
2604 2008 2675 2058 en

760 2154 1028 2202 behouden,
1058 2155 1177 2201 voor
1207 2154 1267 2200 al
1295 2151 1445 2199 nodig
1475 2151 1535 2197 is
1563 2149 1654 2195 aan
1683 2149 1773 2194 die
1803 2149 1923 2194 bide
1950 2144 2249 2193 bediendens
2279 2146 2369 2192 een
2398 2144 2726 2193 ordentelijk

755 2272 817 2321 en
845 2268 1141 2316 toererkent
1169 2271 1375 2319 bestaan
1404 2272 1463 2318 te
1492 2273 1757 2322 bezorgen,
1786 2277 1845 2322 en
1873 2274 1992 2322 daar
2020 2272 2110 2319 byj
2138 2270 2198 2316 in
2226 2268 2315 2315 het
2344 2268 2433 2314 oog
2462 2268 2521 2313 te
2549 2269 2669 2318 hou„

735 2390 878 2439 den,
914 2392 985 2438 zo
1020 2389 1128 2436 wel
1162 2387 1271 2433 dat
1305 2388 1377 2433 zy
1411 2385 1625 2435 zonder
1660 2388 1839 2435 hunne
1874 2391 2089 2440 handen
2123 2395 2194 2441 en
2229 2392 2514 2440 geweeten
2548 2391 2620 2438 te

773 2520 1135 2570 bestekken,
1171 2512 1677 2565 overeenkomstig
1712 2510 1823 2557 hun
1857 2512 2146 2564 caracter
2182 2518 2400 2566 moeten
2435 2521 2652 2568 konnen

767 2653 1032 2701 bestaan,
1064 2650 1164 2697 als
1195 2646 1297 2694 dat
1326 2646 1459 2694 zij,
1491 2646 1557 2691 en
1589 2643 1689 2690 wel
1720 2639 2182 2688 voornamentlijk
2214 2643 2280 2688 de
2312 2642 2477 2689 water
2509 2636 2740 2688 fiscaal

763 2766 873 2812 zal
909 2769 1055 2814 zyne
1092 2763 1530 2813 werkzaamheid
1566 2761 1676 2808 van
1711 2755 1822 2804 het
1857 2755 2149 2803 bedeelde
2185 2757 2295 2803 nut
2331 2758 2478 2807 zyn,
2514 2763 2702 2823 nood¬

2696 2853 2715 2899 1

772 2883 978 2932 wendig
1013 2883 1116 2929 vay
1149 2877 1559 2928 aanmerkelyke
1592 2870 1798 2921 kosten
1832 2870 2037 2916 moeten
2070 2865 2379 2914 besteeden
2412 2863 2516 2910 tot
2546 2855 2651 2906 het

763 3004 983 3055 houden
1018 3002 1128 3049 van
1164 2995 1347 3046 goede
1381 2987 1963 3039 Correspondentie,
1999 2989 2072 3035 en
2108 2987 2217 3033 het
2253 2988 2580 3037 vervolgen
2612 2978 2724 3037 van

770 3121 873 3171 den
906 3111 1339 3168 smokkelhandel
1371 3109 1472 3156 tot
1505 3108 1572 3153 in
1604 3101 1872 3152 deszelfs
1904 3102 2204 3149 uitterste
2237 3104 2370 3149 wijk
2404 3103 2703 3157 plaatsen.

741 3248 847 3306 Dat
878 3243 981 3292 het
1014 3242 1082 3288 er
1115 3242 1283 3289 verre
1316 3242 1417 3288 van
1449 3239 1585 3287 daan
1618 3237 1719 3284 is,
1753 3237 1854 3283 dat
1887 3236 1988 3282 men
2021 3237 2223 3284 alleen
2256 3240 2325 3286 te
2357 3239 2560 3287 zongen
2592 3238 2762 3286 soude

778 3359 998 3410 hebben
1032 3357 1178 3406 voor
1213 3354 1287 3401 de
1320 3341 1719 3399 Bataviasche
1753 3338 2009 3386 Rheede,
2044 3342 2190 3389 alzo
2224 3345 2298 3392 de
2333 3347 2550 3394 meenig
2584 3344 2730 3392 vul¬

780 3486 921 3537 dige
954 3481 1201 3530 kreeken
1235 3480 1306 3527 en
1340 3474 1658 3525 rivieren,
1691 3472 1867 3522 welke
1901 3469 2078 3516 deese
2111 3468 2532 3516 hoofdplaatze
2567 3470 2675 3523 om¬

773 3601 1026 3649 zingen,
1062 3601 1206 3646 ende
1242 3599 1674 3647 uitgestrekte
1708 3594 2034 3643 stranden,
2068 3592 2284 3638 alwaar
2320 3593 2716 3645 meerendeels

800 3712 910 3766 het
945 3710 1051 3756 aan
1084 3709 1156 3756 de
1190 3705 1297 3753 wal
1331 3704 1612 3752 brengelt
1646 3703 1717 3749 en
1751 3703 2032 3753 afhaalen
2067 3706 2173 3752 van
2207 3705 2488 3754 goederen
2521 3704 2665 3752 zeer

778 3824 1202 3888 gemakkelijk
1239 3818 1356 3868 is,
1392 3812 1547 3861 alle
1585 3810 1815 3857 dienen
1851 3808 2123 3859 bemaakt
2158 3816 2236 3863 te
2273 3819 2543 3873 worden,
2578 3820 2731 3874 ende

776 3915 1263 3985 onafgebroken
1300 3903 1782 3958 waarzaamheid
1822 3905 1944 3953 van
1983 3908 2105 3956 den
2143 3911 2626 3966 waterfiscaal

783 4023 887 4072 zig
919 4020 1093 4068 zelfs
1125 4018 1262 4068 niet
1294 4013 1672 4062 uitstrekken
1706 4012 1809 4059 tot
1842 4009 2049 4059 maudt,
2082 4010 2151 4056 en
2185 4008 2731 4057 verderekilanden,

2324 4109 2345 4155 18

2287 4111 2308 4156 18

2262 4186 2706 4243 missehius

555 4212 597 4263 ?

2360 4287 2376 4332 6

2746 63 2800 115 1
