2343 3817
268 99 384 145 40

759 309 1121 358 opgedraagen,
1150 306 1332 356 echter
1362 305 1453 350 tot
1482 303 1663 350 heeden
1693 304 1755 350 om
1783 303 1874 349 als
1904 303 1995 349 aan
2023 296 2238 348 geblee¬

765 411 860 459 ven
891 414 954 460 is
983 411 1078 459 als
1107 408 1201 455 nog
1232 407 1295 452 in
1326 406 1357 451 t
1388 403 1545 451 Janes
1574 402 1730 449 Cussa
1761 402 1824 449 le
1853 401 2041 449 willen
2070 393 2258 448 verant

759 516 1011 565 woorden,
1041 520 1104 565 en
1135 520 1260 565 hier
1289 516 1354 564 op
1385 516 1479 561 het
1510 514 1698 561 nevens
1727 506 1918 558 gaande
1946 502 2198 553 antwoord

773 628 1114 681 Schrijven,
1147 629 1285 678 maar
1318 628 1420 674 van
1454 625 1761 674 Trositent
1791 619 1863 669 en
1894 613 2066 662 Seken
2099 610 2236 657 voor

766 724 952 770 noemd
989 721 1140 768 zich
1176 719 1585 769 drimoedigen
1622 719 1697 764 uw
1733 719 1884 769 Hoog
1912 711 2215 770 Edelhee¬

760 828 887 875 dens
917 830 1011 875 van
1041 824 1324 874 afschrift
1355 825 1449 871 aan
1479 823 1543 870 te
1573 822 1793 870 bieden,
1823 819 2107 867 intvangen
2136 813 2262 863 maur

1814 929 1875 975 om
1902 925 2148 979 reedenen
2178 929 2238 975 in

750 941 842 988 uit
872 939 1088 985 blijkt,
1117 935 1211 983 dat
1241 935 1425 983 Heeren
1455 931 1763 980 Scheepenen

761 1049 933 1097 hunne
966 1044 1208 1095 Missive
1242 1040 1482 1091 vermeld
1516 1039 1757 1087 papiere
1790 1040 1895 1087 van
1926 1032 2134 1083 Credit
2167 1030 2236 1076 en

740 1151 897 1202 steee
929 1157 1023 1202 van
1052 1154 1241 1202 selven
1272 1153 1397 1200 munt
1427 1145 1835 1198 engecasseerd,
1865 1147 1928 1192 en
1957 1145 2052 1192 uit
2082 1142 2270 1190 hoofde

1915 1242 2260 1295 verantwoo

1809 1250 1898 1297 met

759 1261 860 1308 van
891 1256 993 1306 det
1026 1254 1293 1301 perschel
1325 1255 1426 1302 der
1459 1253 1659 1301 gelden

768 1368 1009 1415 hebben

812 1461 1135 1512 Praesisent
1167 1463 1233 1510 en
1264 1460 1458 1507 Lieven
1490 1459 1588 1507 den
1619 1459 1909 1508 generaale
1940 1451 2263 1504 Rekenkamer

766 1563 904 1613 mete
937 1563 1248 1613 verzoeken
1281 1564 1384 1610 een
1417 1562 1727 1611 ootmoedig
1759 1559 1831 1608 om
1864 1556 2039 1604 recht
2069 1554 2241 1606 kort,

720 1679 899 1735 heide
933 1675 1108 1724 halve
1142 1674 1246 1720 aan
1277 1666 1593 1718 voormelde
1627 1659 1870 1711 Missive
1905 1660 2009 1706 van
2042 1656 2252 1705 Heeren

753 1773 1097 1827 Scheepenen
1131 1779 1202 1826 te
1229 1773 1407 1821 mogen
1441 1771 1716 1818 opdragen
1750 1770 1854 1819 ons
1886 1765 1991 1814 met
2024 1764 2094 1810 uw
2128 1761 2271 1808 Hoog

766 1883 839 1930 te
873 1880 1090 1931 nadere
1125 1875 1306 1925 orden
1342 1876 1487 1925 dien
1520 1877 1845 1926 aangaande
1880 1863 2241 1922 geminueerd

754 1983 833 2032 te
869 1982 1101 2033 worden

795 2086 990 2134 Terwil
1022 2088 1120 2133 Ziy
1150 2080 1346 2133 voorts
1377 2077 1443 2124 de
1475 2075 1574 2123 ten
1604 2071 1799 2118 hebben
1831 2071 1962 2118 zich
1992 2071 2090 2118 met
2120 2065 2251 2114 alle

774 2189 1199 2239 verschuldigde
1231 2183 1494 2234 ontzacht
1526 2177 1887 2228 Hoogachting
1919 2178 1985 2224 en
2016 2163 2247 2221 eerbied

773 2293 836 2340 te
866 2289 1235 2341 ondertekent:
1263 2286 1296 2332 /
1326 2278 1664 2329 onderstond/
1694 2274 1818 2322 Hoog
1848 2275 2002 2321 Edele
2029 2267 2217 2320 Heeren

764 2405 1211 2455 /agerstond)
1250 2405 1333 2452 uw
1372 2398 1536 2449 Hoog
1575 2388 1819 2442 Edelh:
1858 2378 2224 2435 Dienaaren

749 2507 848 2557 ten
879 2504 1173 2556 prosident
1205 2504 1270 2550 en
1302 2501 1498 2548 Loeden
1530 2499 1759 2546 voorsz:
1788 2493 1921 2546 /was
1952 2487 2148 2537 geteek

785 2604 894 2651 G.
946 2607 1217 2660 Baver

1217 2606 1324 2656 nog
1360 2606 1537 2656 lager
1572 2604 1679 2650 Ter
1713 2591 2102 2648 ordornantie
2136 2579 2244 2634 van

714 2705 938 2758 deselve
965 2710 1064 2759 byj
1093 2708 1442 2755 onstentenis
1473 2704 1569 2752 van
1598 2701 1694 2747 den
1724 2698 2073 2746 Sepetarisen
2103 2680 2261 2742 indis

1297 2816 1423 2866 J.C:
1451 2820 1576 2868 fwas
1603 2815 1729 2863 get:

1875 2798 2229 2860 nandse

749 2821 962 2872 positie
989 2821 1081 2868 van
1111 2819 1203 2867 den
1231 2816 1292 2865 Ad

1318 2918 1569 2967 Batavia
1605 2916 1712 2961 den
1747 2913 1820 2960 30
1854 2909 1999 2957 Augs
2030 2898 2211 2951 1809.

1082 2926 1209 2973 sond

907 2934 972 2979 gen

829 3237 1318 3287 Daarnamen

1329 3237 1566 3285 1glee

1736 3219 2240 3286 ontfangeme

1959 3343 2168 3399 er
